@inproceedings{panwar2020distributed,
  title={Distributed Ledger Technology (DLT): The Beginning of a Technological Revolution for Blockchain},
  author={Panwar, Arvind and Bhatnagar, Vishal},
  booktitle={2nd International Conference on Data, Engineering and Applications (IDEA)},
  pages={1--5},
  year={2020},
  organization={IEEE}
}

@article{guidi2016didusonet,
  title={DiDuSoNet: A P2P architecture for distributed Dunbar-based social networks},
  author={Guidi, Barbara and Amft, Tobias and De Salve, Andrea and Graffi, Kalman and Ricci, Laura},
  journal={Peer-to-Peer Networking and Applications},
  volume={9},
  number={6},
  pages={1177--1194},
  year={2016},
  publisher={Springer}
}

@article{guidi2020blockchain,
  title={When blockchain meets online social networks},
  author={Guidi, Barbara},
  journal={Pervasive and Mobile Computing},
  volume={62},
  pages={101131},
  year={2020},
  publisher={Elsevier}
}

@incollection{datta2010decentralized,
  title={Decentralized online social networks},
  author={Datta, Anwitaman and Buchegger, Sonja and Vu, Le-Hung and Strufe, Thorsten and Rzadca, Krzysztof},
  booktitle={Handbook of social network technologies and applications},
  pages={349--378},
  year={2010},
  publisher={Springer}
}

@article{segendorf2014bitcoin,
  title={What is bitcoin},
  author={Segendorf, Bj{\"o}rn},
  journal={Sveriges riksbank economic review},
  pages={73-76},
  year={2014}
}

@book{kazdin2012token,
  title={The token economy: A review and evaluation},
  author={Kazdin, Alan},
  year={2012},
  publisher={Springer Science \& Business Media}
}

@article{davenport2001attention,
  title={The attention economy},
  author={Davenport, Thomas H and Beck, John C},
  journal={Ubiquity},
  volume={2001},
  number={May},
  pages={1--es},
  year={2001},
  publisher={ACM New York, NY, USA}
}

@article{pisanu2019Ethereum,
  title={Ethereum: cos’è, come funziona, differenze Bitcoin},
  author={Pisanu, Federico},
  year={2019},
  url={https://www.money.it/Ethereum-cos-e-come-funziona#cosa}
}

@article{ferretti2020ethereum,
  title={On the ethereum blockchain structure: A complex networks theory perspective},
  author={Ferretti, Stefano and D'Angelo, Gabriele},
  journal={Concurrency and Computation: Practice and Experience},
  volume={32},
  number={12},
  pages={1-2},
  year={2020},
  publisher={Wiley Online Library}
}

@article{provenzani2020Ethereum,
  title={Ethereum 2.0 in arrivo: cos'è e cosa prevede},
  author={Provenzani, Flavia},
  year={2020},
  url={money.it/Ethereum-2-0-cos-e-cosa-prevede}
}

@article{vitale2018DPOS,
  title={Comprendere EOS e il DPOS (Delegated Proof of Stake)},
  author={Vitale, Marco},
  year={2018},
  url={https://steemit.com/blockchain/@marcovitale/comprendere-eos-e-il-dpos-delegated-proof-of-stake}
}

@article{tarar2017Steemit,
  title={How Does Steemit Reward System Work? Complete Research Paper on Steemit Economy and Reward System!},
  author={Tarar, Ilyas},
  year={2017},
  url={https://steemit.com/steemit/@ilyastarar/how-does-steemit-reward-system-work-complete-research-paper-on-steemit-economy-and-reward-system}
}

@article{marwan2020HiveBlog,
  title={What is Hive and How Does it Work? A beginner's Guide},
  author={Marwan},
  year={2020},
  url={https://hive.blog/hivebasics/@pitboy/what-is-hive-and-how-does-it-work-a-beginner-s-guide}
}

@inproceedings{castro1999practical,
  title={Practical byzantine fault tolerance},
  author={Castro, Miguel and Liskov, Barbara and others},
  booktitle={OSDI},
  volume={99},
  number={1999},
  pages={173--186},
  year={1999}
}

@article{guidi2020steem,
  title={Steem Blockchain: mining the inner structure of the graph},
  author={Guidi, Barbara and Michienzi, Andrea and Ricci, Laura},
  journal={IEEE Access},
  volume={8},
  pages={210251--210266},
  year={2020},
  publisher={IEEE}
}
@ARTICLE{guidi2021socioeconomic,  author={Guidi, Barbara and Michienzi, Andrea and Ricci, Laura},  journal={IEEE Transactions on Computational Social Systems},   title={A Graph-Based Socioeconomic Analysis of Steemit},   year={2021},  volume={8},  number={2},  pages={365-376}}

@article{lazer2018science,
  title={The science of fake news},
  author={Lazer, David MJ and Baum, Matthew A and Benkler, Yochai and Berinsky, Adam J and Greenhill, Kelly M and Menczer, Filippo and Metzger, Miriam J and Nyhan, Brendan and Pennycook, Gordon and Rothschild, David and others},
  journal={Science},
  volume={359},
  number={6380},
  pages={1094--1096},
  year={2018},
  publisher={American Association for the Advancement of Science}
}

@incollection{datta2010decentralized,
  title={Decentralized online social networks},
  author={Datta, Anwitaman and Buchegger, Sonja and Vu, Le-Hung and Strufe, Thorsten and Rzadca, Krzysztof},
  booktitle={Handbook of social network technologies and applications},
  pages={349--378},
  year={2010},
  publisher={Springer}
}

@article{xu2018eos,
  title={EOS: An architectural, performance, and economic analysis},
  author={Xu, Brent and Luthra, Dhruv and Cole, Zak and Blakely, Nate},
  journal={Retrieved June},
  volume={11},
  pages={2019},
  year={2018}
}

@article{ZHANG202093,
title = {Analysis of the main consensus protocols of blockchain},
journal = {ICT Express},
volume = {6},
number = {2},
pages = {93-97},
year = {2020},
author = {Shijie Zhang and Jong-Hyouk Lee}
}

@article{underwood2016blockchain,
  title={Blockchain beyond bitcoin},
  author={Underwood, Sarah},
  journal={Communications of the ACM},
  volume={59},
  number={11},
  pages={15--17},
  year={2016},
  publisher={ACM New York, NY, USA}
}

@inproceedings{armknecht2015ripple,
  title={Ripple: Overview and outlook},
  author={Armknecht, Frederik and Karame, Ghassan O and Mandal, Avikarsha and Youssef, Franck and Zenner, Erik},
  booktitle={International Conference on Trust and Trustworthy Computing},
  pages={163--180},
  year={2015},
  organization={Springer}
}

@inproceedings{mohanta2018overview,
  title={An overview of smart contract and use cases in blockchain technology},
  author={Mohanta, Bhabendu Kumar and Panda, Soumyashree S and Jena, Debasish},
  booktitle={2018 9th International Conference on Computing, Communication and Networking Technologies (ICCCNT)},
  pages={1--4},
  year={2018},
  organization={IEEE}
}